<?xml version="1.0" encoding="UTF-8"?><record xmlns="http://www.loc.gov/MARC21/slim" xmlns:cinclude="http://apache.org/cocoon/include/1.0" xmlns:zs="http://www.loc.gov/zing/srw/">
  <leader>01439nz  a2200181n  4500</leader>
  <controlfield tag="001">no2013094032</controlfield>
  <controlfield tag="003">DLC</controlfield>
  <controlfield tag="005">20130906073830.0</controlfield>
  <controlfield tag="008">130903n| azannaabn          |b aaa     c</controlfield>
  <datafield tag="010" ind1=" " ind2=" ">
    <subfield code="a">no2013094032</subfield>
  </datafield>
  <datafield tag="035" ind1=" " ind2=" ">
    <subfield code="a">(OCoLC)oca09557695</subfield>
  </datafield>
  <datafield tag="040" ind1=" " ind2=" ">
    <subfield code="a">InU</subfield>
    <subfield code="b">eng</subfield>
    <subfield code="e">rda</subfield>
    <subfield code="c">InU</subfield>
    <subfield code="d">InU</subfield>
  </datafield>
  <datafield tag="100" ind1="1" ind2=" ">
    <subfield code="a">Kulʹbakin, S. M.</subfield>
    <subfield code="q">(Stepan Mikhaĭlovich),</subfield>
    <subfield code="d">1873-1941.</subfield>
    <subfield code="t">Grammatika t︠s︡erkovno-slavi︠a︡nskogo i︠a︡zyka po drevneĭshim pami︠a︡tnikam</subfield>
  </datafield>
  <datafield tag="400" ind1="1" ind2=" ">
    <subfield code="a">Кульбакин, С. М.</subfield>
    <subfield code="q">(Степан Михайлович),</subfield>
    <subfield code="d">1873-1941.</subfield>
    <subfield code="t">Грамматика церковно-славянского языка по древнейшим памятникам</subfield>
  </datafield>
  <datafield tag="400" ind1="1" ind2=" ">
    <subfield code="a">Kulʹbakin, S. M.</subfield>
    <subfield code="q">(Stepan Mikhaĭlovich),</subfield>
    <subfield code="d">1873-1941.</subfield>
    <subfield code="t">Grammatika t︠s︡erkovno-slovi︠a︡nskago i︠a︡zyka po drevni︠e︡ĭshimʺ pami︠a︡tnikamʺ</subfield>
  </datafield>
  <datafield tag="400" ind1="1" ind2=" ">
    <subfield code="a">Кульбакин, С. М.</subfield>
    <subfield code="q">(Степан Михайлович),</subfield>
    <subfield code="d">1873-1941.</subfield>
    <subfield code="t">Грамматика церковно-словянскаго языка по древнѣйшимъ памятникамъ</subfield>
  </datafield>
  <datafield tag="667" ind1=" " ind2=" ">
    <subfield code="a">Non-Latin script references not evaluated.</subfield>
  </datafield>
  <datafield tag="670" ind1=" " ind2=" ">
    <subfield code="a">Kulʹbakin, S. M. Grammatika t︠s︡erkovno-slavi︠a︡nskogo i︠a︡zyka po drevneĭshim pami︠a︡tnikam, 2012:</subfield>
    <subfield code="b">t.p. (Grammatika t︠s︡erkovno-slavi︠a︡nskogo i︠a︡zyka po drevneĭshim pami︠a︡tnikam) p. 1. (Grammatika t︠s︡erkovno-slovi︠a︡nskago i︠a︡zyka po drevni︠e︡ĭshimʺ pami︠a︡tnikamʺ)</subfield>
  </datafield>
</record>